
@misc{EPRINT:AumEnd17,
    author = {Jean-Philippe Aumasson and Guillaume Endignoux},
    title = {Improving Stateless Hash-Based Signatures},
    howpublished = {Cryptology ePrint Archive, Report 2017/933},
    year = {2017},
    note = {\url{http://eprint.iacr.org/2017/933}},
}

@inproceedings{STACS:Babai85,
 author = {Babai, L},
 title = {On Lovasz' Lattice Reduction and the Nearest Lattice Point Problem},
 booktitle = {Proceedings on STACS 85 2Nd Annual Symposium on Theoretical Aspects of Computer Science},
 year = {1985},
 isbn = {0-387-13912-5},
 location = {Saarbru:9Aicken, Germany},
 url = {http://dl.acm.org/citation.cfm?id=18858.18860},
 acmid = {18860},
 publisher = {Springer-Verlag New York, Inc.},
 address = {New York, NY, USA},
}


@article{Combinatorica:Babai86,
  author    = {L{\'a}szl{\'o} Babai},
  title     = {On Lovasz' lattice reduction and the nearest lattice
               point problem},
  journal   = {Combinatorica},
  volume    = {6},
  number    = {1},
  year      = {1986},
}


@article{Banaszczyk93,
author = {Banaszczyk, W.},
journal = {Mathematische Annalen},
keywords = {transference theorems; upper and lower bounds; reciprocal lattice; convex body; dual lattice; covering radius; successive minima; probability measure},
number = {4},
pages = {625-636},
title = {New bounds in some transference theorems in the geometry of numbers.},
url = {http://eudml.org/doc/165105},
volume = {296},
year = {1993},
}


@inproceedings{ISSAC:DucPre16,
  author    = {L{\'{e}}o Ducas and
               Thomas Prest},
  title     = {Fast Fourier Orthogonalization},
  booktitle = {Proceedings of the {ACM} on International Symposium on Symbolic and
               Algebraic Computation, {ISSAC} 2016, Waterloo, ON, Canada, July 19-22,
               2016},
  pages     = {191--198},
  year      = {2016},
  crossref  = {DBLP:conf/issac/2016},
  url       = {http://doi.acm.org/10.1145/2930889.2930923},
  doi       = {10.1145/2930889.2930923},
  timestamp = {Tue, 19 Jul 2016 11:33:18 +0200},
  biburl    = {http://dblp.uni-trier.de/rec/bib/conf/issac/DucasP16},
  bibsource = {dblp computer science bibliography, http://dblp.org}
}


@proceedings{DBLP:conf/issac/2016,
  editor    = {Sergei A. Abramov and
               Eugene V. Zima and
               Xiao{-}Shan Gao},
  title     = {Proceedings of the {ACM} on International Symposium on Symbolic and
               Algebraic Computation, {ISSAC} 2016, Waterloo, ON, Canada, July 19-22,
               2016},
  publisher = {{ACM}},
  year      = {2016},
  url       = {http://dl.acm.org/citation.cfm?id=2930889},
  isbn      = {978-1-4503-4380-0},
  timestamp = {Tue, 19 Jul 2016 11:21:49 +0200},
  biburl    = {http://dblp.uni-trier.de/rec/bib/conf/issac/2016},
  bibsource = {dblp computer science bibliography, http://dblp.org}
}


@misc{FIPS,
    author = {NIST},
    title = {SHA-3 Standard: Permutation-Based Hash and Extendable-Output Functions},
    howpublished = {},
    year = {2015},
    note = {\url{http://dx.doi.org/10.6028/NIST.FIPS.202}},
}


@inproceedings{ANTS:HofPipSil98,
  author    = {Jeffrey Hoffstein and
               Jill Pipher and
               Joseph H. Silverman},
  title     = {{NTRU:} {A} Ring-Based Public Key Cryptosystem},
  booktitle = {Algorithmic Number Theory, Third International Symposium, ANTS-III,
               Portland, Oregon, USA, June 21-25, 1998, Proceedings},
  pages     = {267--288},
  year      = {1998},
  crossref  = {DBLP:conf/ants/1998},
  url       = {https://doi.org/10.1007/BFb0054868},
  doi       = {10.1007/BFb0054868},
  timestamp = {Tue, 23 May 2017 11:53:58 +0200},
  biburl    = {http://dblp.org/rec/bib/conf/ants/HoffsteinPS98},
  bibsource = {dblp computer science bibliography, http://dblp.org}
}

@proceedings{DBLP:conf/ants/1998,
  editor    = {Joe Buhler},
  title     = {Algorithmic Number Theory, Third International Symposium, ANTS-III,
               Portland, Oregon, USA, June 21-25, 1998, Proceedings},
  series    = {Lecture Notes in Computer Science},
  volume    = {1423},
  publisher = {Springer},
  year      = {1998},
  url       = {https://doi.org/10.1007/BFb0054849},
  doi       = {10.1007/BFb0054849},
  isbn      = {3-540-64657-4},
  timestamp = {Tue, 23 May 2017 11:53:58 +0200},
  biburl    = {http://dblp.org/rec/bib/conf/ants/1998},
  bibsource = {dblp computer science bibliography, http://dblp.org}
}


@article{DAC:KSVV19,
  author    = {Angshuman Karmakar and
               Sujoy Sinha Roy and
               Frederik Vercauteren and
               Ingrid Verbauwhede},
  title     = {Pushing the speed limit of constant-time discrete Gaussian sampling.
               {A} case study on Falcon},
  journal   = {DAC},
  year      = {2019},
  url       = {https://eprint.iacr.org/2019/267},
}


@misc{EPRINT:KilVadSch17,
    author = {Eike Kiltz and Vadim Lyubashevsky and Christian Schaffner},
    title = {A Concrete Treatment of Fiat-Shamir Signatures in the Quantum Random-Oracle Model},
    howpublished = {Cryptology ePrint Archive, Report 2017/916},
    year = {2017},
    note = {\url{http://eprint.iacr.org/2017/916}},
}


@inproceedings{DBLP:conf/soda/Klein00,
  author    = {Philip N. Klein},
  title     = {Finding the closest lattice vector when it's unusually close},
  booktitle = {SODA},
  year      = {2000},
}


@phdthesis{Laarhoven16,
title = "Search problems in cryptography: from fingerprinting to lattice sieving",
author = "Thijs Laarhoven",
note = "Proefschrift",
year = "2016",
month = "2",
day = "16",
language = "English",
isbn = "978-90-386-4021-1",
publisher = "Technische Universiteit Eindhoven",
school = "Department of Mathematics and Computer Science",
}


@book{Lang95,
  added-at = {2011-07-20T15:42:01.000+0200},
  author = {Lang, Serge},
  edition = 3,
  title = {Algebraic number theory},
  year = 1995
}




@article{DBLP:journals/siamcomp/MicciancioR07,
  author    = {Daniele Micciancio and
               Oded Regev},
  title     = {Worst-Case to Average-Case Reductions Based on Gaussian Measures},
  journal   = {{SIAM} J. Comput.},
  year      = {2007},
  url       = {http://dx.doi.org/10.1137/S0097539705447360},
  doi       = {10.1137/S0097539705447360},
  timestamp = {Sat, 02 Jun 2007 22:29:50 +0200},
  biburl    = {http://dblp.uni-trier.de/rec/bib/journals/siamcomp/MicciancioR07},
  bibsource = {dblp computer science bibliography, http://dblp.org}
}


@misc{CSF:Mironov17,
    author = {Ilya Mironov},
    title = {Renyi Differential Privacy},
    howpublished = {Proceedings of 30th IEEE Computer Security Foundations Symposium},
    year = {2017},
    note = {\url{http://arxiv.org/abs/1702.07476}},
}


@misc{NIST,
    author = {NIST},
    title = {Submission Requirements and Evaluation Criteria
for the Post-Quantum Cryptography Standardization Process},
    howpublished = {},
    year = {2016},
    note = {\url{https://csrc.nist.gov/Projects/Post-Quantum-Cryptography}},
}


@phdthesis{Prest15,
  TITLE = {{Gaussian Sampling in Lattice-Based Cryptography}},
  AUTHOR = {Prest, Thomas},
  URL = {https://tel.archives-ouvertes.fr/tel-01245066},
  SCHOOL = {{{\'E}cole Normale Sup{\'e}rieure}},
  YEAR = {2015},
  MONTH = Dec,
  KEYWORDS = {lattices ; digital signatures ; identity-based encryption ; post-quantum cryptography ; lattice-based cryptography ; Gaussian sampling ; r{\'e}seaux euclidiens ; signatures num{\'e}riques ; chiffrement bas{\'e} sur l'identit{\'e} ; cryptographie post-quantique ; cryptographie bas{\'e}e sur les r{\'e}seaux},
  TYPE = {Theses},
  PDF = {https://tel.archives-ouvertes.fr/tel-01245066/file/ThesisThomasPrest.pdf},
  HAL_ID = {tel-01245066},
  HAL_VERSION = {v1},
}


@article{EPRINT:Unruh17,
  author    = {Dominique Unruh},
  title     = {Post-Quantum Security of Fiat-Shamir},
  journal   = {{IACR} Cryptology ePrint Archive},
  volume    = {2017},
  pages     = {398},
  year      = {2017},
  url       = {http://eprint.iacr.org/2017/398},
  timestamp = {Thu, 08 Jun 2017 14:26:43 +0200},
  biburl    = {http://dblp.uni-trier.de/rec/bib/journals/iacr/Unruh17a},
  bibsource = {dblp computer science bibliography, http://dblp.org}
}


@article{TC:ZhaSteSak20,
  author    = {Raymond K. Zhao and
               Ron Steinfeld and
               Amin Sakzad},
  title     = {{FACCT:} FAst, Compact, and Constant-Time Discrete Gaussian Sampler
               over Integers},
  journal   = {{IEEE} Trans. Computers},
  volume    = {69},
  number    = {1},
  pages     = {126--137},
  year      = {2020},
  url       = {https://doi.org/10.1109/TC.2019.2940949},
  doi       = {10.1109/TC.2019.2940949},
  timestamp = {Thu, 06 Feb 2020 18:14:32 +0100},
  biburl    = {https://dblp.org/rec/journals/tc/ZhaoSS20.bib},
  bibsource = {dblp computer science bibliography, https://dblp.org}
}

